@book{boolos2002computability,
  title={Computability and logic},
  author={Boolos, George S and Burgess, John P and Jeffrey, Richard C},
  year={2002},
  publisher={Cambridge university press}
}

@phdthesis{turing1938systems,
  title={Systems of logic based on ordinals: a dissertation},
  author={Turing, Alan Mathison},
  year={1938},
  school={Ph. D. dissertation, Cambridge..., 1938. 1 citation (s)}
}

